@article{knuth84,
  author = {Knuth, Donald E.},
  title = {Literate Programming},
  year = {1984},
  issue_date = {May 1984},
  publisher = {Oxford University Press, Inc.},
  address = {USA},
  volume = {27},
  number = {2},
  issn = {0010-4620},
  url = {https://doi.org/10.1093/comjnl/27.2.97},
  doi = {10.1093/comjnl/27.2.97},
  journal = {Comput. J.},
  month = may,
  pages = {97–111},
  numpages = {15}
}

@article{chen2016staging,
  title={Staging Alzheimer’s disease risk by sequencing brain function and structure, cerebrospinal fluid, and cognition biomarkers},
  author={Chen, Guangyu and Shu, Hao and Chen, Gang and Ward, B Douglas and Antuono, Piero G and Zhang, Zhijun and Li, Shi-Jiang and Alzheimer’s Disease Neuroimaging Initiative and others},
  journal={Journal of Alzheimer's Disease},
  volume={54},
  number={3},
  pages={983--993},
  year={2016},
  publisher={IOS Press}
}

@misc{behrouz_babaki_2017_831850,
  author       = {Behrouz Babaki},
  title        = {COP-Kmeans version 1.5},
  year         = {2017},
  doi          = {10.5281/zenodo.831850},
  url          = {https://doi.org/10.5281/zenodo.831850}
}

@misc{clydeintroduction,
  title={An introduction to Bayesian thinking: A companion to the statistics with R course. 2020},
  author={Clyde, M and Cetinkaya-Rundel, M and Rundel, C and Banks, D and Chai, C and Huang, L},
  year = {2022},
  url = {https://statswithr.github.io/book/}
}

@article{fonteijn2012event,
  title={An event-based model for disease progression and its application in familial Alzheimer's disease and Huntington's disease},
  author={Fonteijn, Hubert M and Modat, Marc and Clarkson, Matthew J and Barnes, Josephine and Lehmann, Manja and Hobbs, Nicola Z and Scahill, Rachael I and Tabrizi, Sarah J and Ourselin, Sebastien and Fox, Nick C and others},
  journal={NeuroImage},
  volume={60},
  number={3},
  pages={1880--1889},
  year={2012},
  publisher={Elsevier}
}



